@comment{x-kbibtex-encoding=utf-8}

@comment{x-kbibtex-personnameformatting=<%l><, %f>}

@misc{bootccrosstool,
	author = "Boot, Chris",
	howpublished = "\url{http://www.bootc.net/archives/2012/05/26/how-to-build-a-cross-compiler-for-your-raspberry-pi/}",
	month = jul,
	title = "{How to build a cross compiler for your Raspberry Pi}",
	year = "2013"
}

@misc{pointcloudscrosstool,
	howpublished = "\url{http://pointclouds.org/documentation/advanced/distcc.php}",
	title = "{Using DistCC to speed up compilation}"
}

@misc{linuxjournaldistcc,
	author = "Hall, Jes",
	howpublished = "\ref{http://www.linuxjournal.com/article/9814}",
	title = "{Distributed Compiling with distcc}"
}

@misc{distccreference,
	author = "Pool, Martin and Davison, Wayne and Papadopoulos, Dimitri and Raabe, Frerich and others",
	howpublished = "\url{http://distcc.googlecode.com/svn/trunk/doc/web/man/distcc\_1.html\#TOC\_20}",
	title = "{distcc manual page}"
}

@misc{distccfaq,
	howpublished = "\ref{http://distcc.googlecode.com/svn/trunk/doc/web/faq.html}",
	title = "{distcc frequently asked questions}"
}

@misc{jeremynicolacrosstool,
	author = "Nicola, Jeremy",
	howpublished = "\href{http://jeremy-nicola.info/portfolio-item/cross-compilation-distributed-compilation-for-the-raspberry-pi/}",
	title = "{Cross-compilation \& Distributed compilation for the Raspberry Pi}"
}

@misc{mborgersoncrosstool,
	author = "Borgerson, Matt",
	howpublished = "\ref{https://mborgerson.com/cross-compiling-for-the-raspberry-pi/}",
	month = jul,
	title = "{Cross-Compiling for the Raspberry Pi}",
	year = "2013"
}

@misc{raspberryfoundationtools,
	author = "Foundation, Raspberry Pi",
	howpublished = "\ref{https://github.com/raspberrypi/tools}",
	title = "{raspberrypi/tools
en GitHub}"
}

@article{New1
}

