@comment{x-kbibtex-personnameformatting=<%l><, %f>}

@misc{rfc4511,
	author = "Sermersheim, J.",
	howpublished = "RFC 4511 (Proposed Standard)",
	month = jun,
	number = "4511",
	organization = "Internet Engineering Task Force",
	publisher = "IETF",
	series = "{Request for Comments}",
	title = "{Lightweight Directory Access Protocol (LDAP): The Protocol}",
	url = "http://www.ietf.org/rfc/rfc4511.txt",
	year = 2006
}

@misc{osfrfc86,
	author = "Samar, Vipin and III, Roland J. Schemers",
	howpublished = "OSF RFC 86 (Proposed Standard)",
	month = oct,
	number = "86",
	organization = "Open Software Foundation",
	publisher = "Open Software Foundation",
	series = "{Open Software Foundation Request for Comments}",
	title = "{UNIFIED LOGIN WITH PLUGGABLE AUTHENTICATION MODULES (PAM)}",
	url = "http://www.opengroup.org/rfc/rfc86.0.html",
	year = 1995
}

@misc{nss-pam-ldap,
	author = "de Jong, Arthur and B{\'e}langer, Eric",
	howpublished = "\url{https://www.archlinux.org/packages/community/x86\_64/nss-pam-ldapd/}",
	month = oct,
	title = "{nss-pam-ldapd | Arch Linux Package Search}",
	url = "https://www.archlinux.org/packages/community/x86_64/nss-pam-ldapd",
	year = "2014"
}

@misc{ldapauthenticationarch,
	howpublished = "\url{https://wiki.archlinux.org/index.php/LDAP\_authentication}",
	journal = "Arch Linux Wiki",
	month = apr,
	organization = "Arch Linux Project",
	series = "{Arch Linux Wiki}",
	title = "{LDAP authentication}",
	url = "https://wiki.archlinux.org/index.php/LDAP_authentication",
	year = "2015"
}

@article{openldaparch,
	howpublished = "\url{https://wiki.archlinux.org/index.php/OpenLDAP}",
	journal = "Arch Linux Wiki",
	month = apr,
	series = "{Arch Linux Wiki}",
	title = "{OpenLDAP}",
	url = "https://wiki.archlinux.org/index.php/OpenLDAP",
	year = "2015"
}

@misc{openldap,
	author = "Luttringer, S{\'e}bastien",
	howpublished = "\url{https://www.archlinux.org/packages/core/x86\_64/openldap/}",
	month = dec,
	title = "{openldap | Arch Linux Package Search}",
	url = "https://www.archlinux.org/packages/core/x86_64/openldap",
	year = "2014"
}

