%% This BibTeX bibliography file was created using BibDesk.
%% http://bibdesk.sourceforge.net/


%% Created for Diego Mart√≠n Arroyo at 2015-03-15 20:53:08 +0100 


%% Saved with string encoding Unicode (UTF-8) 



@misc{DIA15GuiaAcademica,
	Author = {Universidad de Salamanca},
	Date-Added = {2015-03-15 19:49:45 +0000},
	Date-Modified = {2015-03-15 19:53:08 +0000},
	Howpublished = {\url{http://http://www.usal.es/webusal/files/Grado_en_Ingenieria_Informatica_2014_1%C2%AA%20parte-actualizado%202-10-14.pdf}},
	Lastchecked = {15/03/2015},
	Month = {10},
	Read = {0},
	Title = {Titulaci{\'o}n y Programa Formativo - Grado en Ingenier{\'\i}a Inform{\'a}tica},
	Url = {http://http://www.usal.es/webusal/files/Grado_en_Ingenieria_Informatica_2014_1%C2%AA%20parte-actualizado%202-10-14.pdf},
	Year = {2014}}

@misc{Toro99arequirements,
	Author = {A. Dur{\'a}n Toro and B. Bern{\'a}rdez Jimenez and A. Ruiz Cortes and M. Toro Bonilla},
	Title = {A Requirements Elicitation Approach Based in Templates and Patterns},
	Year = {1999}}

@article{RFC4516-comment,
	Abstract = {             Lightweight Directory Access Protocol (LDAP):
                        Uniform Resource Locator

Status of This Memo

   This document specifies an Internet standards track protocol for the
   Internet community, and requests discussion and suggestions for
   improvements.  Please refer to the current edition of the "Internet
   Official Protocol Standards" (STD 1) for the standardization state
   and status of this protocol.  Distribution of this memo is unlimited.

Copyright Notice

   Copyright (C) The Internet Society (2006).

Abstract

   This document describes a format for a Lightweight Directory Access
   Protocol (LDAP) Uniform Resource Locator (URL).  An LDAP URL
   describes an LDAP search operation that is used to retrieve
   information from an LDAP directory, or, in the context of an LDAP
   referral or reference, an LDAP URL describes a service where an LDAP
   operation may be progressed.
},
	Added-At = {2008-01-20T17:49:03.000+0100},
	Author = {Group, Network Working},
	Biburl = {http://www.bibsonomy.org/bibtex/2f423d553fcc1041418ecbad1ee179ce1/pitman},
	Date-Modified = {2015-03-15 19:30:22 +0000},
	Editor = {Smith, M.},
	Interhash = {a7db308e69edf20eecabe6df96b2849a},
	Intrahash = {f423d553fcc1041418ecbad1ee179ce1},
	Journal = {RFC},
	Keywords = {LDAP RFC},
	Month = {June},
	Timestamp = {2008-01-20T17:49:03.000+0100},
	Title = {Comment on RFC 4516 - Lightweight Directory Access Protocol (LDAP)},
	Url = {http://www.faqs.org/rfcs/rfc4516.html},
	Year = 2006,
	Bdsk-Url-1 = {http://www.faqs.org/rfcs/rfc4516.html}}
