@comment{x-kbibtex-personnameformatting=<%l><, %f>}

@misc{bootsequence,
	author = "SG60",
	howpublished = "\url{http://raspberrypi.stackexchange.com/questions/10442/what-is-the-boot-sequence}",
	month = "nov",
	note = "Consultado: 2015-05-11",
	title = "{What is the boot sequence?}",
	year = "2013"
}

@misc{aboutbusybox,
	author="Vlasenko, Denys",
	howpublished="\url{http://www.busybox.net/about.html}",
	month="mar",
	year="2015",
	note="Consultado: 2015-05-11",
	title="{About BusyBox}"

}

@misc{raspiltsp,
	author="Andrew Mulholland",
	howpublished="\url{https://github.com/gbaman/RaspberryPi-LTSP}",
	month="apr",
	year="2015",
	title="{RaspberryPi-LTSP}",
	note="Consultado: 2015-05-11"
}

@misc{pinet,
	author="Andrew Mulholland",
	howpublished="\url{http://pinet.org.uk/}",
	month="apr",
	year="2015",
	title="{PiNet}",
	note="Consultado: 2015-05-11"
}

@misc{berryboot,
	author="Bos, Floris",
	howpublished="\url{http://www.berryboot.com/}",
	month="mar",
	year="2015",
	title="{BerryBoot v2.0 - bootloader / universal operating system installer}",
	note="Consultado: 2015-05-11"
}

@misc{raspbian-ua-netinst,
	author = "Rasbpian",
	edition = "v1.0.7",
	howpublished = "\url{https://github.com/debian-pi/raspbian-ua-netinst}",
	month = may,
	organization = "Raspbian Project",
	publisher = "GitHub Gists",
	title = "{raspbian-ua-netinst}",
	url = "https://github.com/debian-pi/raspbian-ua-netinst",
	year = "2015"
}


@misc{kernelparams:init,
	howpublished="\url{https://www.kernel.org/doc/Documentation/kernel-parameters.txt}",
	title="Kernel Parameters",
	author="Linux Kernel Organization",
	url="https://www.kernel.org/doc/Documentation/kernel-parameters.txt"
}

@misc{configtxt,
	howpublished="\url{https://www.raspberrypi.org/documentation/configuration/config-txt.md}",
	title="Raspberry Pi documentation | CONFIG.TXT",
	author="Raspberry Pi Foundation",
	url="https://www.raspberrypi.org/documentation/configuration/config-txt.md",
	note="Consultado: 2015-05-11"
}

@misc{rpiconfig,
	howpublished="http://elinux.org/RPiconfig",
	title="RPiConfig - eLinux.org",
	author="eLinux.org",
	url="http://elinux.org/RPiconfig",
	note="Consultado: 2015-05-11"
}